%% This BibTeX bibliography file was created using BibDesk.
%% http://bibdesk.sourceforge.net/


%% Saved with string encoding Unicode (UTF-8) 
  @Manual{10,
    title = {plotly: Create Interactive Web Graphics via 'plotly.js'},
    author = {Carson Sievert and Chris Parmer and Toby Hocking and Scott Chamberlain and Karthik Ram and Marianne Corvellec and Pedro Despouy},
    year = {2017},
    note = {R package version 4.7.0},
    url = {https://CRAN.R-project.org/package=plotly},
  }

  @Manual{1,
    title = {R: A Language and Environment for Statistical Computing},
    author = {{R Core Team}},
    organization = {R Foundation for Statistical Computing},
    address = {Vienna, Austria},
    year = {2014},
    url = {http://www.R-project.org/}
  }
  
    @Article{Edwards_Prob_Diff_Scores_93,
    title = {Problems with the Use of Profile Similarity Indices in the Study of Congruence in Organizational Research},
    author = {Jeffrey R. Edwards},
    journal = {Personnel Psychology},
    year = {1993},
    volume = {46},
    pages = {641--665}
  }


      @Article{Edwards_PRAlt_93,
    title = {On the Use of Polynomial Regression Equations as an Alternative to Difference Scores in Organizational Research},
    author = {Jeffrey R. Edwards},
    journal = {Academy of Management Journal},
    year = {1993},
    volume = {36},
    number = {6},
    pages = {1577--1613}
  }


@book{khuri1996response,
  title={Response Surfaces: Designs and Analyses: Second Edition},
  author={Khuri, A.I. and Cornell, J.A.},
  isbn={9780824797416},
  lccn={96027756},
  series={Statistics:  A Series of Textbooks and Monographs},
  url={https://books.google.com/books?id=D7arMQLrTccC},
  year={1996},
  publisher={Taylor \& Francis}
}


@Article{Phillips2012,
author={L. Alison Phillips},
title={Congruence research in behavioral medicine: methodological review and demonstration of alternative methodology},
journal={Journal of Behavioral Medicine},
year={2012},
volume={36},
number={1},
pages={61--74}
}


ï»¿@Article{Phillips2014,
author={Phillips, L. Alison
and Diefenbach, Michael A.
and Kronish, Ian M.
and Negron, Rennie M.
and Horowitz, Carol R.},
title={The Necessity-Concerns Framework: a Multidimensional Theory Benefits from Multidimensional Analysis},
journal={Annals of Behavioral Medicine},
year={2014},
volume={48},
number={1},
pages={7--16}
}


  
  
